@online{WoC,
  author = {World of Computing},
  title = {Backpropagation},
  year = 2009,
  url = {http://intelligence.worldofcomputing.net/machine-learning/learning-by-back-propagation.html},
  urldate = {2009-11-26}
}

@book{Werbos:1994:RBO:175610,
 author = {Werbos, Paul John},
 title = {The Roots of Backpropagation: From Ordered Derivatives to Neural Networks and Political Forecasting},
 year = {1994},
 isbn = {0-471-59897-6},
 publisher = {Wiley-Interscience},
 address = {New York, NY, USA},
} 

@online{Mazur,
  author = {Mazur, Matt},
  title = {A step-by-step backpropagation example},
  year = 2015,
  url = {http://intelligence.worldofcomputing.net/machine-learning/learning-by-back-propagation.html},
  urldate = {2018-01-30}
}
